<?xml version="1.0" encoding="UTF-8"?><collection xmlns="http://www.loc.gov/MARC21/slim"><record><leader>00358nam--2200133-i-4500</leader><controlfield tag="001">000043283</controlfield><controlfield tag="002">20161230</controlfield><controlfield tag="005">20161230201044</controlfield><controlfield tag="008">060222s1000------------r-----000-0-eng-d</controlfield><datafield ind1=" " ind2=" " tag="100"><subfield code="a">Swietoslawski,Wojciech</subfield></datafield><datafield ind1=" " ind2=" " tag="245"><subfield code="a">Azeotropia i poliazeotropia</subfield></datafield><datafield ind1=" " ind2=" " tag="260"><subfield code="a">Warsszawa, Panstwowe Wydawnictwo Naukowe, 1957. 272 P</subfield></datafield><datafield ind1=" " ind2=" " tag="490"><subfield code="a">Chemia Wspolczesna</subfield></datafield><datafield ind1=" " ind2=" " tag="852"><subfield code="a">5813</subfield></datafield></record></collection>